<record><leader>00000cas a22000007a 4500</leader><controlfield tag="001">15152268</controlfield><controlfield tag="008">870205d18911891paudr ne      0    0eng d</controlfield><datafield ind1=" " ind2=" " tag="010"><subfield code="a">sn 87078047 </subfield></datafield><datafield ind1=" " ind2=" " tag="040"><subfield code="a">NPH</subfield><subfield code="b">eng</subfield><subfield code="c">NPH</subfield><subfield code="d">OCLCQ</subfield></datafield><datafield ind1=" " ind2=" " tag="042"><subfield code="a">msc</subfield></datafield><datafield ind1="0" ind2="0" tag="245"><subfield code="a">Daily mountaineer.</subfield></datafield><datafield ind1=" " ind2=" " tag="260"><subfield code="a">Ebensburg, Pa. :</subfield><subfield code="b">Thompson &amp; Sechler</subfield></datafield><datafield ind1=" " ind2=" " tag="300"><subfield code="a">v. ;</subfield><subfield code="c">41 cm.</subfield></datafield><datafield ind1=" " ind2=" " tag="310"><subfield code="a">Daily</subfield></datafield><datafield ind1="1" ind2=" " tag="362"><subfield code="a">Began with Sept. 29, 1891 issue; ceased with Oct. 2, 1891 issue.</subfield><subfield code="z">Cf. Issue of the Mountaineer-herald for Aug. 23, 1978.</subfield></datafield><datafield ind1=" " ind2=" " tag="500"><subfield code="a">"Published every evening at Ebensburg Fair Grounds."</subfield></datafield><datafield ind1=" " ind2=" " tag="580"><subfield code="a">Also issued in a weekly edition called: Mountaineer (Ebensburg, Pa. : 1891).</subfield></datafield><datafield ind1=" " ind2=" " tag="588"><subfield code="a">Description based on: Vol. 1, no. 2 (Sept. 30, 1891).</subfield></datafield><datafield ind1=" " ind2=" " tag="752"><subfield code="a">United States</subfield><subfield code="b">Pennsylvania</subfield><subfield code="c">Cambria</subfield><subfield code="d">Ebensburg.</subfield></datafield><datafield ind1="1" ind2=" " tag="775"><subfield code="t">Mountaineer (Ebensburg, Pa. : 1891)</subfield><subfield code="w">(DLC)sn 87078048</subfield></datafield></record>